%YAML 1.1
%TAG !u! tag:unity3d.com,2011:
--- !u!1 &3606448753331120293
GameObject:
  m_ObjectHideFlags: 0
  m_CorrespondingSourceObject: {fileID: 0}
  m_PrefabInstance: {fileID: 0}
  m_PrefabAsset: {fileID: 0}
  serializedVersion: 6
  m_Component:
  - component: {fileID: 3606448753331120294}
  - component: {fileID: 8421862045982323663}
  m_Layer: 0
  m_Name: EffectsPlayer
  m_TagString: Untagged
  m_Icon: {fileID: 0}
  m_NavMeshLayer: 0
  m_StaticEditorFlags: 0
  m_IsActive: 1
--- !u!4 &3606448753331120294
Transform:
  m_ObjectHideFlags: 0
  m_CorrespondingSourceObject: {fileID: 0}
  m_PrefabInstance: {fileID: 0}
  m_PrefabAsset: {fileID: 0}
  m_GameObject: {fileID: 3606448753331120293}
  m_LocalRotation: {x: 0, y: 0, z: 0, w: 1}
  m_LocalPosition: {x: 0, y: 0, z: 0}
  m_LocalScale: {x: 1, y: 1, z: 1}
  m_Children:
  - {fileID: 8107465878674254280}
  m_Father: {fileID: 0}
  m_RootOrder: 0
  m_LocalEulerAnglesHint: {x: 0, y: 0, z: 0}
--- !u!114 &8421862045982323663
MonoBehaviour:
  m_ObjectHideFlags: 0
  m_CorrespondingSourceObject: {fileID: 0}
  m_PrefabInstance: {fileID: 0}
  m_PrefabAsset: {fileID: 0}
  m_GameObject: {fileID: 3606448753331120293}
  m_Enabled: 1
  m_EditorHideFlags: 0
  m_Script: {fileID: 11500000, guid: 516ef750456fd134695633876b56e08e, type: 3}
  m_Name: 
  m_EditorClassIdentifier: 
  effects: {fileID: 4542575404714170918}
--- !u!1 &4542575404714170918
GameObject:
  m_ObjectHideFlags: 0
  m_CorrespondingSourceObject: {fileID: 0}
  m_PrefabInstance: {fileID: 0}
  m_PrefabAsset: {fileID: 0}
  serializedVersion: 6
  m_Component:
  - component: {fileID: 8107465878674254280}
  m_Layer: 0
  m_Name: Effects
  m_TagString: Untagged
  m_Icon: {fileID: 0}
  m_NavMeshLayer: 0
  m_StaticEditorFlags: 0
  m_IsActive: 0
--- !u!4 &8107465878674254280
Transform:
  m_ObjectHideFlags: 0
  m_CorrespondingSourceObject: {fileID: 0}
  m_PrefabInstance: {fileID: 0}
  m_PrefabAsset: {fileID: 0}
  m_GameObject: {fileID: 4542575404714170918}
  m_LocalRotation: {x: 0, y: 0, z: 0, w: 1}
  m_LocalPosition: {x: 0, y: 0, z: 0}
  m_LocalScale: {x: 1, y: 1, z: 1}
  m_Children:
  - {fileID: 3610852798317824490}
  - {fileID: 3606448754603226405}
  - {fileID: 3606448753236017879}
  - {fileID: 3606448754293792787}
  m_Father: {fileID: 3606448753331120294}
  m_RootOrder: 0
  m_LocalEulerAnglesHint: {x: 0, y: 0, z: 0}
--- !u!1001 &3606448753236416581
PrefabInstance:
  m_ObjectHideFlags: 0
  serializedVersion: 2
  m_Modification:
    m_TransformParent: {fileID: 8107465878674254280}
    m_Modifications:
    - target: {fileID: 100018, guid: a40b64bf23366dc42a892af2c6ff6140, type: 3}
      propertyPath: m_Name
      value: CFX_MagicPoof (1)
      objectReference: {fileID: 0}
    - target: {fileID: 400018, guid: a40b64bf23366dc42a892af2c6ff6140, type: 3}
      propertyPath: m_LocalPosition.x
      value: 3
      objectReference: {fileID: 0}
    - target: {fileID: 400018, guid: a40b64bf23366dc42a892af2c6ff6140, type: 3}
      propertyPath: m_LocalPosition.y
      value: 3
      objectReference: {fileID: 0}
    - target: {fileID: 400018, guid: a40b64bf23366dc42a892af2c6ff6140, type: 3}
      propertyPath: m_LocalPosition.z
      value: 0
      objectReference: {fileID: 0}
    - target: {fileID: 400018, guid: a40b64bf23366dc42a892af2c6ff6140, type: 3}
      propertyPath: m_LocalRotation.x
      value: -0
      objectReference: {fileID: 0}
    - target: {fileID: 400018, guid: a40b64bf23366dc42a892af2c6ff6140, type: 3}
      propertyPath: m_LocalRotation.y
      value: -0
      objectReference: {fileID: 0}
    - target: {fileID: 400018, guid: a40b64bf23366dc42a892af2c6ff6140, type: 3}
      propertyPath: m_LocalRotation.z
      value: -0
      objectReference: {fileID: 0}
    - target: {fileID: 400018, guid: a40b64bf23366dc42a892af2c6ff6140, type: 3}
      propertyPath: m_LocalRotation.w
      value: 1
      objectReference: {fileID: 0}
    - target: {fileID: 400018, guid: a40b64bf23366dc42a892af2c6ff6140, type: 3}
      propertyPath: m_RootOrder
      value: 2
      objectReference: {fileID: 0}
    - target: {fileID: 400018, guid: a40b64bf23366dc42a892af2c6ff6140, type: 3}
      propertyPath: m_LocalEulerAnglesHint.x
      value: 0
      objectReference: {fileID: 0}
    - target: {fileID: 400018, guid: a40b64bf23366dc42a892af2c6ff6140, type: 3}
      propertyPath: m_LocalEulerAnglesHint.y
      value: 0
      objectReference: {fileID: 0}
    - target: {fileID: 400018, guid: a40b64bf23366dc42a892af2c6ff6140, type: 3}
      propertyPath: m_LocalEulerAnglesHint.z
      value: 0
      objectReference: {fileID: 0}
    - target: {fileID: 19800018, guid: a40b64bf23366dc42a892af2c6ff6140, type: 3}
      propertyPath: useUnscaledTime
      value: 1
      objectReference: {fileID: 0}
    m_RemovedComponents: []
  m_SourcePrefab: {fileID: 100100000, guid: a40b64bf23366dc42a892af2c6ff6140, type: 3}
--- !u!4 &3606448753236017879 stripped
Transform:
  m_CorrespondingSourceObject: {fileID: 400018, guid: a40b64bf23366dc42a892af2c6ff6140,
    type: 3}
  m_PrefabInstance: {fileID: 3606448753236416581}
  m_PrefabAsset: {fileID: 0}
--- !u!1001 &3606448754293668481
PrefabInstance:
  m_ObjectHideFlags: 0
  serializedVersion: 2
  m_Modification:
    m_TransformParent: {fileID: 8107465878674254280}
    m_Modifications:
    - target: {fileID: 100018, guid: a40b64bf23366dc42a892af2c6ff6140, type: 3}
      propertyPath: m_Name
      value: CFX_MagicPoof (2)
      objectReference: {fileID: 0}
    - target: {fileID: 400018, guid: a40b64bf23366dc42a892af2c6ff6140, type: 3}
      propertyPath: m_LocalPosition.x
      value: 0
      objectReference: {fileID: 0}
    - target: {fileID: 400018, guid: a40b64bf23366dc42a892af2c6ff6140, type: 3}
      propertyPath: m_LocalPosition.y
      value: 7
      objectReference: {fileID: 0}
    - target: {fileID: 400018, guid: a40b64bf23366dc42a892af2c6ff6140, type: 3}
      propertyPath: m_LocalPosition.z
      value: 0
      objectReference: {fileID: 0}
    - target: {fileID: 400018, guid: a40b64bf23366dc42a892af2c6ff6140, type: 3}
      propertyPath: m_LocalRotation.x
      value: -0
      objectReference: {fileID: 0}
    - target: {fileID: 400018, guid: a40b64bf23366dc42a892af2c6ff6140, type: 3}
      propertyPath: m_LocalRotation.y
      value: -0
      objectReference: {fileID: 0}
    - target: {fileID: 400018, guid: a40b64bf23366dc42a892af2c6ff6140, type: 3}
      propertyPath: m_LocalRotation.z
      value: -0
      objectReference: {fileID: 0}
    - target: {fileID: 400018, guid: a40b64bf23366dc42a892af2c6ff6140, type: 3}
      propertyPath: m_LocalRotation.w
      value: 1
      objectReference: {fileID: 0}
    - target: {fileID: 400018, guid: a40b64bf23366dc42a892af2c6ff6140, type: 3}
      propertyPath: m_RootOrder
      value: 3
      objectReference: {fileID: 0}
    - target: {fileID: 400018, guid: a40b64bf23366dc42a892af2c6ff6140, type: 3}
      propertyPath: m_LocalEulerAnglesHint.x
      value: 0
      objectReference: {fileID: 0}
    - target: {fileID: 400018, guid: a40b64bf23366dc42a892af2c6ff6140, type: 3}
      propertyPath: m_LocalEulerAnglesHint.y
      value: 0
      objectReference: {fileID: 0}
    - target: {fileID: 400018, guid: a40b64bf23366dc42a892af2c6ff6140, type: 3}
      propertyPath: m_LocalEulerAnglesHint.z
      value: 0
      objectReference: {fileID: 0}
    - target: {fileID: 19800018, guid: a40b64bf23366dc42a892af2c6ff6140, type: 3}
      propertyPath: useUnscaledTime
      value: 1
      objectReference: {fileID: 0}
    m_RemovedComponents: []
  m_SourcePrefab: {fileID: 100100000, guid: a40b64bf23366dc42a892af2c6ff6140, type: 3}
--- !u!4 &3606448754293792787 stripped
Transform:
  m_CorrespondingSourceObject: {fileID: 400018, guid: a40b64bf23366dc42a892af2c6ff6140,
    type: 3}
  m_PrefabInstance: {fileID: 3606448754293668481}
  m_PrefabAsset: {fileID: 0}
--- !u!1001 &3606448754602831799
PrefabInstance:
  m_ObjectHideFlags: 0
  serializedVersion: 2
  m_Modification:
    m_TransformParent: {fileID: 8107465878674254280}
    m_Modifications:
    - target: {fileID: 100018, guid: a40b64bf23366dc42a892af2c6ff6140, type: 3}
      propertyPath: m_Name
      value: CFX_MagicPoof
      objectReference: {fileID: 0}
    - target: {fileID: 400018, guid: a40b64bf23366dc42a892af2c6ff6140, type: 3}
      propertyPath: m_LocalPosition.x
      value: -3
      objectReference: {fileID: 0}
    - target: {fileID: 400018, guid: a40b64bf23366dc42a892af2c6ff6140, type: 3}
      propertyPath: m_LocalPosition.y
      value: 3
      objectReference: {fileID: 0}
    - target: {fileID: 400018, guid: a40b64bf23366dc42a892af2c6ff6140, type: 3}
      propertyPath: m_LocalPosition.z
      value: 0
      objectReference: {fileID: 0}
    - target: {fileID: 400018, guid: a40b64bf23366dc42a892af2c6ff6140, type: 3}
      propertyPath: m_LocalRotation.x
      value: -0
      objectReference: {fileID: 0}
    - target: {fileID: 400018, guid: a40b64bf23366dc42a892af2c6ff6140, type: 3}
      propertyPath: m_LocalRotation.y
      value: -0
      objectReference: {fileID: 0}
    - target: {fileID: 400018, guid: a40b64bf23366dc42a892af2c6ff6140, type: 3}
      propertyPath: m_LocalRotation.z
      value: -0
      objectReference: {fileID: 0}
    - target: {fileID: 400018, guid: a40b64bf23366dc42a892af2c6ff6140, type: 3}
      propertyPath: m_LocalRotation.w
      value: 1
      objectReference: {fileID: 0}
    - target: {fileID: 400018, guid: a40b64bf23366dc42a892af2c6ff6140, type: 3}
      propertyPath: m_RootOrder
      value: 1
      objectReference: {fileID: 0}
    - target: {fileID: 400018, guid: a40b64bf23366dc42a892af2c6ff6140, type: 3}
      propertyPath: m_LocalEulerAnglesHint.x
      value: 0
      objectReference: {fileID: 0}
    - target: {fileID: 400018, guid: a40b64bf23366dc42a892af2c6ff6140, type: 3}
      propertyPath: m_LocalEulerAnglesHint.y
      value: 0
      objectReference: {fileID: 0}
    - target: {fileID: 400018, guid: a40b64bf23366dc42a892af2c6ff6140, type: 3}
      propertyPath: m_LocalEulerAnglesHint.z
      value: 0
      objectReference: {fileID: 0}
    - target: {fileID: 19800018, guid: a40b64bf23366dc42a892af2c6ff6140, type: 3}
      propertyPath: useUnscaledTime
      value: 1
      objectReference: {fileID: 0}
    m_RemovedComponents: []
  m_SourcePrefab: {fileID: 100100000, guid: a40b64bf23366dc42a892af2c6ff6140, type: 3}
--- !u!4 &3606448754603226405 stripped
Transform:
  m_CorrespondingSourceObject: {fileID: 400018, guid: a40b64bf23366dc42a892af2c6ff6140,
    type: 3}
  m_PrefabInstance: {fileID: 3606448754602831799}
  m_PrefabAsset: {fileID: 0}
--- !u!1001 &3606448754860713312
PrefabInstance:
  m_ObjectHideFlags: 0
  serializedVersion: 2
  m_Modification:
    m_TransformParent: {fileID: 8107465878674254280}
    m_Modifications:
    - target: {fileID: 1247311384876784, guid: 4adffb0018aeda44e9263f901167af1f, type: 3}
      propertyPath: m_Name
      value: CFX_Firework_Trails_Gravity
      objectReference: {fileID: 0}
    - target: {fileID: 4782282035096714, guid: 4adffb0018aeda44e9263f901167af1f, type: 3}
      propertyPath: m_LocalPosition.x
      value: 0
      objectReference: {fileID: 0}
    - target: {fileID: 4782282035096714, guid: 4adffb0018aeda44e9263f901167af1f, type: 3}
      propertyPath: m_LocalPosition.y
      value: 5
      objectReference: {fileID: 0}
    - target: {fileID: 4782282035096714, guid: 4adffb0018aeda44e9263f901167af1f, type: 3}
      propertyPath: m_LocalPosition.z
      value: 0
      objectReference: {fileID: 0}
    - target: {fileID: 4782282035096714, guid: 4adffb0018aeda44e9263f901167af1f, type: 3}
      propertyPath: m_LocalRotation.x
      value: -0
      objectReference: {fileID: 0}
    - target: {fileID: 4782282035096714, guid: 4adffb0018aeda44e9263f901167af1f, type: 3}
      propertyPath: m_LocalRotation.y
      value: -0
      objectReference: {fileID: 0}
    - target: {fileID: 4782282035096714, guid: 4adffb0018aeda44e9263f901167af1f, type: 3}
      propertyPath: m_LocalRotation.z
      value: -0
      objectReference: {fileID: 0}
    - target: {fileID: 4782282035096714, guid: 4adffb0018aeda44e9263f901167af1f, type: 3}
      propertyPath: m_LocalRotation.w
      value: 1
      objectReference: {fileID: 0}
    - target: {fileID: 4782282035096714, guid: 4adffb0018aeda44e9263f901167af1f, type: 3}
      propertyPath: m_RootOrder
      value: 0
      objectReference: {fileID: 0}
    - target: {fileID: 4782282035096714, guid: 4adffb0018aeda44e9263f901167af1f, type: 3}
      propertyPath: m_LocalEulerAnglesHint.x
      value: 0
      objectReference: {fileID: 0}
    - target: {fileID: 4782282035096714, guid: 4adffb0018aeda44e9263f901167af1f, type: 3}
      propertyPath: m_LocalEulerAnglesHint.y
      value: 0
      objectReference: {fileID: 0}
    - target: {fileID: 4782282035096714, guid: 4adffb0018aeda44e9263f901167af1f, type: 3}
      propertyPath: m_LocalEulerAnglesHint.z
      value: 0
      objectReference: {fileID: 0}
    - target: {fileID: 198405478074982118, guid: 4adffb0018aeda44e9263f901167af1f,
        type: 3}
      propertyPath: useUnscaledTime
      value: 1
      objectReference: {fileID: 0}
    m_RemovedComponents: []
  m_SourcePrefab: {fileID: 100100000, guid: 4adffb0018aeda44e9263f901167af1f, type: 3}
--- !u!4 &3610852798317824490 stripped
Transform:
  m_CorrespondingSourceObject: {fileID: 4782282035096714, guid: 4adffb0018aeda44e9263f901167af1f,
    type: 3}
  m_PrefabInstance: {fileID: 3606448754860713312}
  m_PrefabAsset: {fileID: 0}
